@ONLINE{Mousetrap,
author = {Craig Campbell},
title = {Mousetrap: A simple library for handling keyboard shortcuts in Javascript},
year = {2012},
url = {http://craig.is/killing/mice}
}

@ONLINE{AccesskeyStandardisation,
author = {CabinetOffice},
title = {Web page navigation},
year = {2002},
url = {http://webarchive.nationalarchives.gov.uk/20100807034701/http://archive.cabinetoffice.gov.uk/e-government/resources/handbook/html/6-6.asp}
}

@ONLINE{wcag,
author = {W3C},
title = {Web Content Accessibility Guidelines (WCAG) 2.0},
year = {2008},
url = {http://www.w3.org/TR/WCAG20/}
}

@ONLINE{wcag,
author = {W3C},
title = {Web Content Accessibility Guidelines (WCAG) 2.0},
year = {2008},
url = {http://webaim.org/techniques/keyboard/accesskey}
}

@ONLINE{webaimaccesskeys,
author = {Web Accessibility in Mind},
title = {Keyboard Accessibility},
url = {http://webaim.org/techniques/keyboard/accesskey}
}

@ONLINE{html5specaccesskeys,
author = {WHATWG},
title = {HTML5 Specification - User Interaction},
url = {http://www.whatwg.org/specs/web-apps/current-work/multipage/editing.html#the-accesskey-attribute}
}

@article{fittslaw,
  title={The information capacity of the human motor system in controlling the amplitude of movement.},
  author={Fitts, Paul M},
  journal={Journal of experimental psychology},
  volume={47},
  number={6},
  pages={381},
  year={1954},
  publisher={American Psychological Association}
}

@article{barr2002pathophysiological,
  title={Pathophysiological tissue changes associated with repetitive movement: a review of the evidence},
  author={Barr, Ann E and Barbe, Mary F},
  journal={Physical therapy},
  volume={82},
  number={2},
  pages={173--187},
  year={2002},
  publisher={American Physical Therapy Association}
  %,url={http://www.ncbi.nlm.nih.gov/pmc/articles/PMC1550512/?report=reader}
}

@article{rsiprevalence,
  title={Prevalence and associations of symptoms of upper extremities, repetitive strain injuries (RSI) and'RSI-like condition'. A cross sectional study of bank workers in Northeast Brazil},
  author={Lacerda, Eliana M and N{\'a}cul, Luis C and da S Augusto, Lia G and Olinto, Maria TA and Rocha, Dyhanne C and Wanderley, Danielle C},
  journal={BMC Public Health},
  volume={5},
  number={1},
  pages={107},
  year={2005},
  publisher={BioMed Central Ltd}
  %,url = {http://www.biomedcentral.com/1471-2458/5/107}
}

@article{trewin1999keyboard,
  title={Keyboard and mouse errors due to motor disabilities},
  author={Trewin, Shari and Pain, Helen},
  journal={International Journal of Human-Computer Studies},
  volume={50},
  number={2},
  pages={109--144},
  year={1999},
  publisher={Elsevier}
  %,url={http://www.sciencedirect.com/science/article/pii/S1071581998902385}
}

@article{ginige2001web,
  title={Web engineering: An introduction},
  author={Ginige, Athula and Murugesan, San},
  journal={Multimedia, IEEE},
  volume={8},
  number={1},
  pages={14--18},
  year={2001},
  publisher={IEEE}
}

@ONLINE{typeaheadfind,
author = {tokland},
title = {Type-ahead-find browser extension},
url = {https://chrome.google.com/webstore/detail/type-ahead-find/cpecbmjeidppdiampimghndkikcmoadk?hl=en}
}

@ONLINE{stylish,
author = {userstyles.org},
title = {Stylish browser extension},
url = {https://chrome.google.com/webstore/detail/stylish/fjnbnpbmkenffdnngjfgmeleoegfcffe?hl=en}
}

@ONLINE{outlookcom,
author = {Microsoft},
title = {Outlook Web Client},
url = {http://www.outlook.com}
}

@inproceedings{watanabe2012using,
  title={Using acceptance tests to validate accessibility requirements in RIA},
  author={Watanabe, Willian Massami and Fortes, Renata PM and Dias, Ana Luiza},
  booktitle={Proceedings of the International Cross-Disciplinary Conference on Web Accessibility},
  pages={15},
  year={2012},
  organization={ACM}
}