@ONLINE{Mousetrap,
author = {Craig Campbell},
title = {Mousetrap: A simple library for handling keyboard shortcuts in Javascript},
year = {2012},
url = {http://craig.is/killing/mice},
urldate = {2013-11-17}
}

@ONLINE{AccesskeyStandardisation,
author = {CabinetOffice},
title = {Web page navigation},
year = {2002},
url = {http://webarchive.nationalarchives.gov.uk/20100807034701/http://archive.cabinetoffice.gov.uk/e-government/resources/handbook/html/6-6.asp},
urldate = {2013-11-17}
}

@ONLINE{webaimaccesskeys,
author = {Web Accessibility in Mind},
title = {Keyboard Accessibility},
url = {http://webaim.org/techniques/keyboard/accesskey},
urldate = {2013-11-17}
}

@ONLINE{html5specaccesskeys,
author = {WHATWG},
title = {HTML5 Specification - User Interaction},
url = {http://www.whatwg.org/specs/web-apps/current-work/multipage/editing.html#the-accesskey-attribute},
urldate = {2013-11-17}
}

@article{fittslaw,
  title={The information capacity of the human motor system in controlling the amplitude of movement.},
  author={Fitts, Paul M},
  journal={Journal of experimental psychology},
  volume={47},
  number={6},
  pages={381},
  year={1954},
  publisher={American Psychological Association}
}

@article{barr2002pathophysiological,
  title={Pathophysiological tissue changes associated with repetitive movement: a review of the evidence},
  author={Barr, Ann E and Barbe, Mary F},
  journal={Physical therapy},
  volume={82},
  number={2},
  pages={173--187},
  year={2002},
  publisher={American Physical Therapy Association}
  %,url={http://www.ncbi.nlm.nih.gov/pmc/articles/PMC1550512/?report=reader}
}

@article{rsiprevalence,
  title={Prevalence and associations of symptoms of upper extremities, repetitive strain injuries (RSI) and'RSI-like condition'. A cross sectional study of bank workers in Northeast Brazil},
  author={Lacerda, Eliana M and N{\'a}cul, Luis C and da S Augusto, Lia G and Olinto, Maria TA and Rocha, Dyhanne C and Wanderley, Danielle C},
  journal={BMC Public Health},
  volume={5},
  number={1},
  pages={107},
  year={2005},
  publisher={BioMed Central Ltd}
  %,url = {http://www.biomedcentral.com/1471-2458/5/107}
}

@article{trewin1999keyboard,
  title={Keyboard and mouse errors due to motor disabilities},
  author={Trewin, Shari and Pain, Helen},
  journal={International Journal of Human-Computer Studies},
  volume={50},
  number={2},
  pages={109--144},
  year={1999},
  publisher={Elsevier}
  %,url={http://www.sciencedirect.com/science/article/pii/S1071581998902385}
}

@article{ginige2001web,
  title={Web engineering: An introduction},
  author={Ginige, Athula and Murugesan, San},
  journal={Multimedia, IEEE},
  volume={8},
  number={1},
  pages={14--18},
  year={2001},
  publisher={IEEE}
}

@ONLINE{typeaheadfind,
author = {tokland},
title = {Type-ahead-find browser extension},
url = {https://chrome.google.com/webstore/detail/type-ahead-find/cpecbmjeidppdiampimghndkikcmoadk?hl=en},
urldate = {2013-11-17}
}

@ONLINE{stylish,
author = {userstyles.org},
title = {Stylish browser extension},
url = {https://chrome.google.com/webstore/detail/stylish/fjnbnpbmkenffdnngjfgmeleoegfcffe?hl=en},
urldate = {2013-11-17}
}

@ONLINE{outlookcom,
author = {Microsoft},
title = {Outlook Web Client},
url = {http://www.outlook.com},
urldate = {2013-11-17}
}

@inproceedings{watanabe2012using,
  title={Using acceptance tests to validate accessibility requirements in RIA},
  author={Watanabe, Willian Massami and Fortes, Renata PM and Dias, Ana Luiza},
  booktitle={Proceedings of the International Cross-Disciplinary Conference on Web Accessibility},
  pages={15},
  year={2012},
  organization={ACM}
}

@ONLINE{applehig,
title = {OS X User Experience Guidelines},
author = {Apple},
url = {https://developer.apple.com/library/mac/documentation/userexperience/conceptual/applehiguidelines/UEGuidelines/UEGuidelines.html},
urldate = {2013-11-17}
}

@ONLINE{microsofthig,
title = {Designing Accessible Applications},
author = {Microsoft},
url = {http://msdn.microsoft.com/en-us/library/aa291864(v=vs.71).aspx},
urldate = {2013-11-17}
}

@ONLINE{gnomehig,
title = {GNOME Human Interface Guidelines},
author = {The GNOME Project},
url = {https://developer.gnome.org/hig-book/3.10/principles-broad-userbase.html.en},
urldate = {2013-11-17}
}

@article{bergman1995towards,
  title={Towards accessible human-computer interaction},
  author={Bergman, Eric and Johnson, Earl},
  journal={Advances in human-computer interaction},
  volume={5},
  pages={87--113},
  year={1995}
}

@inproceedings{hendrix1997adapting,
  title={Adapting Web Browsers for Accessibility},
  author={Hendrix, Paul and Birkmire, Mike},
  booktitle={Proceedings of Technology and Persons with Disabilities Conference},
  year={1998}
}

@ONLINE{safaria11y,
title = {Safari Features},
author = {Apple},
url = {http://www.apple.com/uk/safari/features.html},
urldate = {2013-11-17}
}

@ONLINE{macshortcuts,
title = {OS X keyboard shortcuts},
author = {Apple},
url = {http://support.apple.com/kb/ht1343},
urldate = {2013-11-17}
}

@article{russell2003access,
  title={Access to technology for the disabled: the forgotten legacy of innovation?},
  author={Russell, Catherine},
  journal={Information \& Communication Technology Law},
  volume={12},
  number={3},
  pages={237--246},
  year={2003},
  publisher={Taylor \& Francis}
}

@article{sloan2001web,
  title={Web Accessibility and the DDA},
  author={Sloan, Martin},
  journal={The journal of information, law and technology (JILT)},
  volume={2},
  pages={01--2},
  year={2001}
}

@article{schrepp2006efficiency,
  title={On the efficiency of keyboard navigation in Web sites},
  author={Schrepp, Martin},
  journal={Universal Access in the Information Society},
  volume={5},
  number={2},
  pages={180--188},
  year={2006},
  publisher={Springer}
}

@patent{Mouyade:2011:EP2385452,
 title     = "Computer navigation method",
 number    = "EP2385452",
 author    = "Mouyade, Jean et al.",
 year      = "2011",
 month     = "11",
 url       = "http://www.freepatentsonline.com/EP2385452A1.html"
}

@inproceedings{wcag,
  title={WCAG 2.0: a web accessibility standard for the evolving web},
  author={Reid, Loretta Guarino and Snow-Weaver, Andi},
  booktitle={Proceedings of the 2008 international cross-disciplinary conference on Web accessibility (W4A)},
  pages={109--115},
  year={2008},
  organization={ACM}
}

@article{chisholm2001web,
  title={Web content accessibility guidelines 1.0},
  author={Chisholm, Wendy and Vanderheiden, Gregg and Jacobs, Ian},
  journal={Interactions},
  volume={8},
  number={4},
  pages={35--54},
  year={2001},
  publisher={ACM}
}

@article{jacobs2000userold,
  title={User agent accessibility guidelines 1.0},
  author={Jacobs, Ian and Gunderson, Jon and Hansen, Eric and Wc, Ian Jacobs},
  year={2000},
  publisher={Citeseer}
}

@book{jacobs2000user,
 editor    = {Jacobs, Ian and Gunderson, Jon and Hansen, Eric and Wc, Ian Jacobs},
 title     = {User Agent Accessibility Guidelines 1.0},
 publisher = {W3C Recommendation},
 note      = {Available at \url{http://www.w3.org/TR/UAAG10/}},
 year      = {2002}
}

@misc{allan2010userold,
  title={User agent accessibility guidelines (uaag) 2.0},
  author={Allan, J and Richards, J and Spellman, J},
  year={2010}
}

@book{allan2010user,
 editor    = {Allan, J and Ford, K and Patch, K and Spellman, J},
 title     = {User Agent Accessibility Guidelines (UAAG) 2.0},
 publisher = {W3C Last Call Working Draft},
 note      = {Available at \url{http://www.w3.org/TR/UAAG20/}},
 year      = {2013}
}

@ONLINE{browserkeyboardaccess,
title = {Enabling Full Keyboard Access on the Mac},
author = {Kloots, Todd},
url = {http://yaccessibilityblog.com/library/full-keyboard-access-mac.html},
urldate = {2013-11-19}
}

@ONLINE{firefoxshortcuts,
title = {Accessibility features of Firefox},
author = {Mozilla},
url = {http://kb.mozillazine.org/Accessibility_features_of_Firefox},
urldate = {2013-11-20}
}

@article{dellaporta2007web,
  title={Web Accessibility and the Needs of Users with Disabilities},
  author={Dellaporta, Aspasia},
  journal={KURNIAWAN, Sri; ZAPHIRIS, Panayotis. Advances in universal web design and evaluation: research, trends and opportunities. EUA, Idea Group},
  year={2007}
}

@ONLINE{deng,
	title={Accommodating mobility impaired users on the Web},
	author={Deng, Y},
	url={http://www.otal.umd.edu/uupractice/mobility/},
	urldate = {2005-09-25},
	year={2001}
}

@book{disability2004web,
  title={The Web: Access and Inclusion for Disabled People; a Formal Investigation},
  author={Disability Rights Commission},
  year={2004},
  publisher={TSO Shop}
}

@online{wcagcomparison,
	title={Comparison of WCAG 1.0 Checkpoints to WCAG 2.0},
	author={W3C},
	url={http://www.w3.org/WAI/WCAG20/from10/comparison/},
	urldate = {2013-11-21}
}

@article{coyne2001beyond,
  title={Beyond ALT text: Making the web easy to use for users with disabilities},
  author={Pernice, Kara and Nielsen, Jacob},
  journal={California, USA: Nielsen Norman Group},
  year={2001}
}

@article{velasco2001raising,
  title={Raising awareness among designers accessibility issues},
  author={Velasco, Carlos A and Verelst, Tony},
  journal={ACM SIGCAPH Computers and the Physically Handicapped},
  number={69},
  pages={8--13},
  year={2001},
  publisher={ACM}
}

@inproceedings{freire2007techniques,
  title={Techniques for developing more accessible web applications: a survey towards a process classification},
  author={Freire, Andre Pimenta and Goularte, Rudinei and de Mattos Fortes, Renata Pontin},
  booktitle={Proceedings of the 25th annual ACM international conference on Design of communication},
  pages={162--169},
  year={2007},
  organization={ACM}
}

@article{powlik2002accessibility,
  title={When accessibility meets usability},
  author={Powlik, James J and Karshmer, Arthur I},
  journal={Universal Access in the Information Society},
  volume={1},
  number={3},
  pages={217--222},
  year={2002},
  publisher={Springer}
}

@book{card1983psychology,
  title={The psychology of human computer interaction},
  author={Card, Stuart K and Moran, Thomas P and Newell, Allen},
  year={1983},
  publisher={Routledge}
}

@article{john1996goms,
  title={The GOMS family of user interface analysis techniques: Comparison and contrast},
  author={John, Bonnie E and Kieras, David E},
  journal={ACM Transactions on Computer-Human Interaction (TOCHI)},
  volume={3},
  number={4},
  pages={320--351},
  year={1996},
  publisher={ACM}
}

@article{john1995goms,
  title={Why GOMS?},
  author={John, Bonnie},
  journal={interactions},
  volume={2},
  number={4},
  pages={80--89},
  year={1995},
  publisher={ACM}
}

@book{raskin2000humane,
  title={The humane interface: new directions for designing interactive systems},
  author={Raskin, Jef},
  year={2000},
  publisher={Addison-Wesley Professional}
}

@inproceedings{keates1998developing,
  title={Developing a methodology for the design of accessible interfaces},
  author={Keates, S and Clarkson, PJ and Robinson, P},
  booktitle={Proceedings of the 4th ERCIM Workshop},
  pages={1--15},
  year={1998}
}

@article{hanson2005improving,
  title={Improving Web accessibility through an enhanced open-source browser},
  author={Hanson, Vicki L and Brezin, Jonathan P and Crayne, Susan and Keates, Simeon and Kjeldsen, Rick and Richards, John T and Swart, Calvin and Trewin, Shari},
  journal={IBM Systems Journal},
  volume={44},
  number={3},
  pages={573--588},
  year={2005},
  publisher={IBM}
}

@article{hanson2005personalization,
  title={Personalization of Web browsing: adaptations to meet the needs of older adults},
  author={Hanson, Vicki L and Crayne, Susan},
  journal={Universal Access in the Information Society},
  volume={4},
  number={1},
  pages={46--58},
  year={2005},
  publisher={Springer}
}

@article{fairweather2002distributed,
  title={Distributed accessibility control points help deliver a directly accessible Web},
  author={Fairweather, Peter G and Richards, John T and Hanson, Vicki L},
  journal={Universal Access in the Information Society},
  volume={2},
  number={1},
  pages={70--75},
  year={2002},
  publisher={Springer}
}

@article{hanson2005achieving,
  title={Achieving a more usable World Wide Web},
  author={Hanson, Vicki L and Richards, John T},
  journal={Behaviour \& Information Technology},
  volume={24},
  number={3},
  pages={231--246},
  year={2005},
  publisher={Taylor \& Francis}
}

@inproceedings{czaja2002designing,
  title={Designing computer systems for older adults},
  author={Czaja, Sara J and Lee, Chin Chin},
  booktitle={The human-computer interaction handbook},
  pages={413--427},
  year={2002},
  organization={L. Erlbaum Associates Inc.}
}

@inproceedings{kouroupetroglou2006semantic,
  title={A Semantic-web based framework for developing applications to improve accessibility in the WWW},
  author={Kouroupetroglou, Christos and Salampasis, Michail and Manitsaris, Athanasios},
  booktitle={Proceedings of the 2006 international cross-disciplinary workshop on Web accessibility (W4A): Building the mobile web: rediscovering accessibility?},
  pages={98--108},
  year={2006},
  organization={ACM}
}

@article{berners2001semantic,
  title={The semantic web},
  author={Berners-Lee, Tim and Hendler, James and Lassila, Ora and others},
  journal={Scientific american},
  volume={284},
  number={5},
  pages={28--37},
  year={2001},
  publisher={New York, NY, USA:}
}

@article{kouroupetroglou2007browsing,
  title={Browsing shortcuts as a means to improve information seeking of blind people in the WWW},
  author={Kouroupetroglou, Christos and Salampasis, Michail and Manitsaris, Athanasios},
  journal={Universal Access in the Information Society},
  volume={6},
  number={3},
  pages={273--283},
  year={2007},
  publisher={Springer}
}

@inproceedings{hoffman2005emerging,
  title={Emerging issues, solutions \& challenges from the top 20 issues affecting web application accessibility},
  author={Hoffman, David and Battle, Lisa},
  booktitle={Proceedings of the 7th international ACM SIGACCESS conference on Computers and accessibility},
  pages={208--209},
  year={2005},
  organization={ACM}
}

@ONLINE{typeaheadfindsource,
author = {tokland},
title = {Chromium extension - Find as you type (a.k.a. type-ahead-find)},
year = {2009},
url = {https://code.google.com/p/chrome-type-ahead/},
urldate = {2014-04-02}
}

@ONLINE{gnugpl,
author = {GNU},
title = {GNU General Public License},
year = {2007},
url = {http://www.gnu.org/licenses/gpl.html},
urldate = {2014-04-02}
}

@ONLINE{contentscript,
author = {Google},
title = {Browser Extensions: Content Scripts},
url = {https://developer.chrome.com/extensions/content_scripts},
urldate = {2014-04-02}
}

@ONLINE{requirejs,
author = {The Dojo Foundation},
title = {RequireJS: A JavaScript Module Loader},
url = {http://requirejs.org/},
urldate = {2014-04-02}
}

@ONLINE{requirejslicense,
author = {The Dojo Foundation},
title = {RequireJS License},
url = {https://github.com/jrburke/requirejs/blob/master/LICENSE},
urldate = {2014-04-02}
}

@ONLINE{jquery,
author = {The JQuery Foundation},
title = {JQuery JavaScript Library: Write Less, Do More},
url = {http://jquery.com/},
urldate = {2014-04-02}
}

@ONLINE{mitlicense,
author = {Free Software Foundation},
title = {Expat License, (aka MIT License)},
url = {http://directory.fsf.org/wiki/License:Expat},
urldate = {2014-04-02}
}

@ONLINE{jquerypp,
author = {Bitovi},
title = {JQuery++ Helper Library for JQuery},
url = {http://jquerypp.com/},
urldate = {2014-04-02}
}

@ONLINE{filesaver,
author = {Eli Grey},
title = {An implementation of W3C File API's saveAs() FileSaver},
url = {https://github.com/eligrey/FileSaver.js/blob/master/FileSaver.js},
urldate = {2014-04-02}
}

@ONLINE{x11license,
author = {Free Software Foundation},
title = {X11 License, (aka MIT License)},
url = {http://directory.fsf.org/wiki/License:X11},
urldate = {2014-04-02}
}

@ONLINE{blob,
author = {Eli Grey},
title = {An implementation of Blob},
url = {http://purl.eligrey.com/github/Blob.js/blob/master/Blob.js},
urldate = {2014-04-02}
}

@ONLINE{events,
author = {Peter-Paul Koch},
title = {Introduction to Events},
url = {http://www.quirksmode.org/js/introevents.html},
urldate = {2014-04-02}
}

@ONLINE{inlineevents,
author = {Peter-Paul Koch},
title = {Early Event Handlers},
url = {http://www.quirksmode.org/js/events_early.html},
urldate = {2014-04-02}
}

@ONLINE{traditionalevents,
author = {Peter-Paul Koch},
title = {Traditional event registration model},
url = {http://www.quirksmode.org/js/events_tradmod.html},
urldate = {2014-04-02}
}

@ONLINE{advancedevents,
author = {Peter-Paul Koch},
title = {Advanced event registration models},
url = {http://www.quirksmode.org/js/events_advanced.html},
urldate = {2014-04-02}
}

@ONLINE{domlevel3,
author = {Gary Kacmarcik, Travis Leithead, Jacob Rossi, Doug Schepers, Bj{\"o}rn H{\"o}hrmann, Philippe Le H{\'e}garet, Tom Pixley},
title = {Document Object Model (DOM) Level 3 Events Specification},
url = {http://www.w3.org/TR/DOM-Level-3-Events/},
urldate = {2014-04-02}
}

@incollection{franklin2013more,
  title={More Events},
  author={Franklin, Jack},
  booktitle={Beginning jQuery},
  pages={71--82},
  year={2013},
  publisher={Springer}
}

@ONLINE{domlevel2,
author = {Tom Pixley},
title = {Document Object Model (DOM) Level 2 Events Specification},
url = {http://www.w3.org/TR/DOM-Level-2-Events/events.html},
urldate = {2014-04-02}
}

@ONLINE{jquerypopularity,
author = {W3Techs},
title = {Usage statistics and market share of JQuery for websites},
url = {http://w3techs.com/technologies/details/js-jquery/all/all},
urldate = {2014-04-03}
}

@ONLINE{prototypejs,
author = {Prototype Core Team},
title = {PrototypeJS: A foundation for ambitious web user interfaces},
url = {http://prototypejs.org/},
urldate = {2014-04-03}
}

@ONLINE{dom3attempt,
author = {Gary Kacmarcik, Travis Leithead, Jacob Rossi, Doug Schepers, Bj{\"o}rn H{\"o}hrmann, Philippe Le H{\'e}garet, Tom Pixley},
title = {[Historical revision] Events Interface changes in the Document Object Model (DOM) Level 3 Events Specification},
url = {http://www.w3.org/TR/2002/WD-DOM-Level-3-Events-20020208/changes.html},
urldate = {2014-04-03}
}

@ONLINE{commandlineapi,
author = {Google},
title = {Command Line API Reference},
url = {https://developers.google.com/chrome-developer-tools/docs/commandline-api},
urldate = {2014-04-03}
}

@ONLINE{eventlistenerprototype,
author = {Michael Spector, kdzwinel},
title = {How to find out what event listener types attached to specific HTML element in Chrome extension?},
url = {http://stackoverflow.com/revisions/8915461/3},
urldate = {2014-04-03}
}

@ONLINE{requirejscs,
author = {nonowarn},
title = {Demonstration for how to use require.js in content scripts},
url = {https://github.com/nonowarn/content-script-with-requirejs},
urldate = {2014-04-03}
}

@ONLINE{soverflowlicense,
author = {Creative Commons},
title = {License: Attribution-ShareAlike 3.0 Unported},
url = {http://creativecommons.org/licenses/by-sa/3.0/},
urldate = {2014-04-03}
}

@book{gamma1994design,
  title={Design patterns: elements of reusable object-oriented software},
  author={Gamma, Erich and Helm, Richard and Johnson, Ralph and Vlissides, John},
  year={1994},
  publisher={Pearson Education}
}

@ONLINE{stylebot,
author = {Ankit Ahuja},
title = {StyleBot Chrome Extension: Change the appearance of websites instantly},
url = {https://chrome.google.com/webstore/detail/stylebot/oiaejidbmkiecgbjeifoejpgmdaleoha?hl=en},
urldate = {2014-04-04}
}

@ONLINE{lesscss,
author = {Alexis Sellier},
title = {Getting started with LESS, the Leaner CSS pre-processor},
url = {http://lesscss.org/},
urldate = {2014-04-04}
}

@ONLINE{vimium,
author = {Ilya Sukhar, Phil Crosby},
title = {The Hacker's Browser: Vimium},
url = {http://vimium.github.io/},
urldate = {2014-04-08}
}

@ONLINE{voicefinger,
author = {Robson Cozendey},
title = {Voice Finger: faster mouse control with speech.},
url = {http://voicefinger.cozendey.com/},
urldate = {2014-04-08}
}

@ONLINE{vistamousegrid,
author = {Microsoft},
title = {Transcription of Windows Speech Recognition Demo},
url = {http://www.microsoft.com/enable/demos/windowsvista/trans_speech.aspx},
urldate = {2014-04-08}
}

@ONLINE{hippogrid,
author = {Sean Wenzel},
title = {Mouse Grid for NaturallySpeaking},
url = {http://sean.wenzel.net/voicerecognition/mousegrid},
urldate = {2014-04-08}
}

@ONLINE{nuancegrid,
author = {Nuance},
title = {Dragon Dictate: Moving the Mouse Pinter and Clicking the Mouse},
url = {http://www.nuance.com/naturallyspeaking/customer-portal/documentation/userguide/chapter4/ug_chapter4_moving_clicking_mouse.asp},
urldate = {2014-04-08}
}